% This file was created with JabRef 2.10.
% Encoding: UTF-8


@Misc{Cousot2008,
  Title                    = {Abstract Interpretation},

  Author                   = {Patrick Cousot},
  Month                    = {August},
  Note                     = {[Online; accessed 9-January-2017]},
  Year                     = {2008},

  Language                 = {English},
  Owner                    = {dchenaux},
  Timestamp                = {2017.01.10},
  Url                      = {https://www.di.ens.fr/~cousot/AI/}
}

@Article{Ducasse1994,
  Title                    = {Logic programming environments: Dynamic program analysis and debugging},
  Author                   = {Ducass{\'e}, Mireille and Noy{\'e}, Jacques},
  Journal                  = {The Journal of Logic Programming},
  Year                     = {1994},
  Pages                    = {351--384},
  Volume                   = {19},

  Owner                    = {dchenaux},
  Publisher                = {Elsevier},
  Timestamp                = {2017.01.06}
}

@InProceedings{Dufour2003,
  Title                    = {* J: a tool for dynamic analysis of Java programs},
  Author                   = {Dufour, Bruno and Hendren, Laurie and Verbrugge, Clark},
  Booktitle                = {Companion of the 18th annual ACM SIGPLAN conference on Object-oriented programming, systems, languages, and applications},
  Year                     = {2003},
  Organization             = {ACM},
  Pages                    = {306--307}
}

@Article{Gomes2009,
  Title                    = {An overview on the static code analysis approach in software development},
  Author                   = {Gomes, Ivo and Morgado, Pedro and Gomes, Tiago and Moreira, Rodrigo},
  Journal                  = {Faculdade de Engenharia da Universidade do Porto, Portugal},
  Year                     = {2009}
}

@InBook{Gosain2015,
  Title                    = {A Survey of Dynamic Program Analysis Techniques and Tools},
  Author                   = {Gosain, Anjana
and Sharma, Ganga},
  Editor                   = {Satapathy, Suresh Chandra
and Biswal, Bhabendra Narayan
and Udgata, Siba K.
and Mandal, J.K.},
  Pages                    = {113--122},
  Publisher                = {Springer International Publishing},
  Year                     = {2015},

  Address                  = {Cham},

  Booktitle                = {Proceedings of the 3rd International Conference on Frontiers of Intelligent Computing: Theory and Applications (FICTA) 2014: Volume 1},
  Doi                      = {10.1007/978-3-319-11933-5_13},
  ISBN                     = {978-3-319-11933-5},
  Owner                    = {dchenaux},
  Timestamp                = {2017.01.04},
  Url                      = {http://dx.doi.org/10.1007/978-3-319-11933-5_13}
}

@Article{Marek2015100,
  Title                    = {Introduction to dynamic program analysis with DiSL },
  Author                   = {Lukáš Marek and Yudi Zheng and Danilo Ansaloni and Lubomír Bulej and Aibek Sarimbekov and Walter Binder and Petr Tůma},
  Journal                  = {Science of Computer Programming },
  Year                     = {2015},
  Note                     = {Fifth issue of Experimental Software and Toolkits (EST): A special issue on Academics Modelling with Eclipse (ACME2012) },
  Pages                    = {100 - 115},
  Volume                   = {98, Part 1},

  Doi                      = {http://dx.doi.org/10.1016/j.scico.2014.01.003},
  ISSN                     = {0167-6423},
  Keywords                 = {Dynamic program analysis},
  Owner                    = {dchenaux},
  Timestamp                = {2017.01.07},
  Url                      = {http://www.sciencedirect.com/science/article/pii/S0167642314000070}
}

@Book{Nielson2004,
  Title                    = {Principles of Program Analysis},
  Author                   = {Nielson, F. and Nielson, H.R. and Hankin, C.},
  Publisher                = {Springer Berlin Heidelberg},
  Year                     = {2004},

  __markedentry            = {[dchenaux:6]},
  ISBN                     = {9783540654100},
  Lccn                     = {99047677},
  Owner                    = {dchenaux},
  Timestamp                = {2017.01.09}
}

@InBook{Nielson1999,
  Title                    = {Correct System Design: Recent Insight and Advances},
  Author                   = {Flemming Nielson and Hanne Riis Nielson},
  Chapter                  = {Type and Effect Systems},
  Pages                    = {114–136},
  Publisher                = {Springer International Publishing},
  Year                     = {1999},

  Owner                    = {dchenaux},
  Timestamp                = {2017.01.10}
}

@Misc{Foundation2017,
  Title                    = {Python Documentation, pdb — The Python Debugger¶},

  Author                   = {Python-Foundation},
  Note                     = {[Online; accessed 17-January-2017]},
  Year                     = {2017},

  Organization             = {Python Software Foundation},
  Owner                    = {dchenaux},
  Timestamp                = {2017.01.17},
  Url                      = {https://docs.python.org/3.6/library/pdb.html}
}

@Misc{Remy2017,
  Title                    = {Type systems for programming languages},

  Author                   = {Didier Rémy},
  Month                    = {January},
  Year                     = {2017},

  Owner                    = {dchenaux},
  Timestamp                = {2017.01.10}
}

@Article{Singh2013,
  Title                    = {Design and validation of dynamic metrics for object-oriented software systems},
  Author                   = {Singh, Paramvir},
  Year                     = {2013},

  Publisher                = {Amritsar}
}

@Misc{Wikipedi2017,
  Title                    = {List of tools for static code analysis --- Wikipedia, The Free Encyclopedia},

  Author                   = {Wikipedia},
  Note                     = {[Online; accessed 9-January-2017]},
  Year                     = {2017},

  Url                      = {https://en.wikipedia.org/w/index.php?title=List_of_tools_for_static_code_analysis&oldid=759231061}
}

@Misc{Wikipedi2016,
  Title                    = {Program analysis --- Wikipedia, The Free Encyclopedia},

  Author                   = {Wikipedia},
  Note                     = {[Online; accessed 7-January-2017]},
  Year                     = {2016},

  Url                      = {https://en.wikipedia.org/w/index.php?title=Program_analysis&oldid=732080552}
}

